@inproceedings{majumdar1938coefficient,
  title={Coefficient of viscosity of air},
  author={Majumdar, VD and Vajifdar, MB},
  booktitle={Proceedings of the Indian Academy of Sciences-Section A},
  volume={8},
  number={3},
  pages={171--178},
  year={1938},
  organization={Springer}
}

@article{lubarda2021analysis,
  title={An analysis of pendulum motion in the presence of quadratic and linear drag},
  author={Lubarda, Marko V and Lubarda, Vlado A},
  journal={Eur. J. Phys},
  volume={42},
  number={055014},
  pages={055014},
  year={2021}
}

@article{goossens2019review,
  title={Review of the empirical correlations for the drag coefficient of rigid spheres},
  author={Goossens, Walter RA},
  journal={Powder Technology},
  volume={352},
  pages={350--359},
  year={2019},
  publisher={Elsevier}
}

@misc{goldstein2002classical,
  title={Classical mechanics},
  author={Goldstein, Herbert and Poole, Charles and Safko, John},
  year={2002},
  publisher={American Association of Physics Teachers}
}

@book{upadhyay2016classical,
  title={CLASSICAL MECHANICS.},
  author={UPADHYAY, JC},
  year={2016},
  publisher={Himalaya Publishing House}
}

@article{sobamowo2020exact,
  title={Exact analytical solutions of nonlinear differential equation of a large amplitude simple pendulum},
  author={Sobamowo, MG},
  journal={World Scientific News},
  volume={144},
  pages={70--88},
  year={2020},
  publisher={Scientific Publishing House „DARWIN”}
}

@article{salamon2020estimation,
  title={Estimation of parameters of various damping models in planar motion of a pendulum},
  author={Salamon, Robert and Kami{\'n}ski, Henryk and Fritzkowski, Pawe{\l}},
  journal={Meccanica},
  volume={55},
  number={9},
  pages={1655--1677},
  year={2020},
  publisher={Springer}
}

@article{johannessen2014analytical,
  title={An analytical solution to the equation of motion for the damped nonlinear pendulum},
  author={Johannessen, Kim},
  journal={European Journal of Physics},
  volume={35},
  number={3},
  pages={035014},
  year={2014},
  publisher={IOP Publishing}
}


@article{harris2020array,
  title={Array programming with NumPy},
  author={Harris, Charles R and Millman, K Jarrod and Van Der Walt, St{\'e}fan J and Gommers, Ralf and Virtanen, Pauli and Cournapeau, David and Wieser, Eric and Taylor, Julian and Berg, Sebastian and Smith, Nathaniel J and others},
  journal={Nature},
  volume={585},
  number={7825},
  pages={357--362},
  year={2020},
  publisher={Nature Publishing Group}
}

@Article{Hunter2007,
  Author    = {Hunter, J. D.},
  Title     = {Matplotlib: A 2D graphics environment},
  Journal   = {Computing in Science \& Engineering},
  Volume    = {9},
  Number    = {3},
  Pages     = {90--95},
  abstract  = {Matplotlib is a 2D graphics package used for Python for
  application development, interactive scripting, and publication-quality
  image generation across user interfaces and operating systems.},
  publisher = {IEEE COMPUTER SOC},
  doi       = {10.1109/MCSE.2007.55},
  year      = 2007
}

@book{bronson2014schaum,
  title={Schaum's outline of differential equations},
  author={Bronson, Richard and Costa, Gabriel B},
  year={2014},
  publisher={McGraw-Hill Education}
}

@book{jordan2007nonlinear,
  title={Nonlinear ordinary differential equations: an introduction for scientists and engineers},
  author={Jordan, Dominic and Smith, Peter},
  year={2007},
  publisher={OUP Oxford}
}
